<?xml version="1.0" encoding="UTF-8"?><collection xmlns="http://www.loc.gov/MARC21/slim"><record><leader>00422nam--2200133-i-4500</leader><controlfield tag="001">000028308</controlfield><controlfield tag="002">20161230</controlfield><controlfield tag="005">20161230201037</controlfield><controlfield tag="008">060222s1000------------r-----000-0-eng-d</controlfield><datafield ind1=" " ind2=" " tag="080"><subfield code="a">620.179.15(043):539.2(043)</subfield></datafield><datafield ind1=" " ind2=" " tag="100"><subfield code="a">Leiser, Wolf</subfield></datafield><datafield ind1=" " ind2=" " tag="245"><subfield code="a">Materialanalyse kleiner festkorperbereiche durch verdampfen mit gepulsten elektronenstrahlen. dissert</subfield></datafield><datafield ind1=" " ind2=" " tag="260"><subfield code="a">Tubingen, Universitat Zu Tubingen, 1975, 37p</subfield></datafield><datafield ind1=" " ind2=" " tag="852"><subfield code="a">43424</subfield></datafield></record></collection>